@online{roccaUnderstanding2021,
  title = {Understanding {{Variational Autoencoders}} ({{VAEs}})},
  author = {Rocca, Joseph},
  year = {2021},
  month = mar,
  journal = {Medium},
  url = {https://towardsdatascience.com/understanding-variational-autoencoders-vaes-f70510919f73},
  urldate = {2022-10-05}
}

@online{gRPC,
  title = {About gRPC},
  author = {gRPC Authors},
  year = {2022},
  url = {https://grpc.io/about/},
  urldate = {2022-12-08}
}